<record><leader>00000cas a22000007a 4500</leader><controlfield tag="001">36069986</controlfield><controlfield tag="008">961211d190u1917okuwr n       0    0eng d</controlfield><datafield ind1=" " ind2=" " tag="010"><subfield code="a">sn 96093288 </subfield></datafield><datafield ind1=" " ind2=" " tag="040"><subfield code="a">OBN</subfield><subfield code="b">eng</subfield><subfield code="c">OBN</subfield><subfield code="d">OCLCQ</subfield><subfield code="d">OCLCF</subfield><subfield code="d">OCLCO</subfield></datafield><datafield ind1="1" ind2=" " tag="029"><subfield code="a">AU@</subfield><subfield code="b">000012976231</subfield></datafield><datafield ind1=" " ind2=" " tag="042"><subfield code="a">msc</subfield></datafield><datafield ind1=" " ind2=" " tag="043"><subfield code="a">n-us-ok</subfield></datafield><datafield ind1="0" ind2=" " tag="130"><subfield code="a">Altus times (Altus, Okla. : 1904)</subfield></datafield><datafield ind1="1" ind2="4" tag="245"><subfield code="a">The Altus times.</subfield></datafield><datafield ind1=" " ind2=" " tag="260"><subfield code="a">Altus, Greer County, Okla. :</subfield><subfield code="b">J. Ed Van Matre</subfield></datafield><datafield ind1=" " ind2=" " tag="300"><subfield code="a">v.</subfield></datafield><datafield ind1=" " ind2=" " tag="310"><subfield code="a">Weekly</subfield></datafield><datafield ind1="0" ind2=" " tag="362"><subfield code="a">-v. 15, no. 30 (July 26, 1917).</subfield></datafield><datafield ind1=" " ind2=" " tag="588"><subfield code="a">Description based on: Vol. 3, no. 24 (June 16, 1904).</subfield></datafield><datafield ind1=" " ind2="0" tag="651"><subfield code="a">Altus (Okla.)</subfield><subfield code="v">Newspapers.</subfield></datafield><datafield ind1=" " ind2="0" tag="651"><subfield code="a">Jackson County (Okla.)</subfield><subfield code="v">Newspapers.</subfield></datafield><datafield ind1=" " ind2="7" tag="655"><subfield code="a">Newspapers.</subfield><subfield code="2">fast</subfield><subfield code="0">(OCoLC)fst01423814</subfield></datafield><datafield ind1=" " ind2="7" tag="651"><subfield code="a">Oklahoma</subfield><subfield code="z">Altus.</subfield><subfield code="2">fast</subfield><subfield code="0">(OCoLC)fst01220304</subfield></datafield><datafield ind1=" " ind2="7" tag="651"><subfield code="a">Oklahoma</subfield><subfield code="z">Jackson County.</subfield><subfield code="2">fast</subfield><subfield code="0">(OCoLC)fst01215604</subfield></datafield><datafield ind1=" " ind2=" " tag="752"><subfield code="a">United States</subfield><subfield code="b">Oklahoma</subfield><subfield code="c">Jackson</subfield><subfield code="d">Altus.</subfield></datafield><datafield ind1="0" ind2="0" tag="780"><subfield code="t">Leger times</subfield><subfield code="w">(DLC)sn 96093287</subfield><subfield code="w">(OCoLC)36069926</subfield></datafield><datafield ind1="0" ind2="7" tag="785"><subfield code="t">Oklahoma democrat (Altus, Okla.)</subfield><subfield code="w">(DLC)sn 95063971</subfield><subfield code="w">(OCoLC)32185799</subfield></datafield><datafield ind1="0" ind2="7" tag="785"><subfield code="t">Times-democrat</subfield><subfield code="w">(DLC)sn 86090527</subfield><subfield code="w">(OCoLC)15045274</subfield></datafield></record>